@book{任福田2003交通工程学,
  title={交通工程学},
  author={任福田 and 刘小明 and 荣建},
  year={2003},
  publisher={人民交通出版社}
}
@phdthesis{李向朋2014城市交通拥堵对策—封闭型小区交通开放研究,
	title={城市交通拥堵对策—封闭型小区交通开放研究},
	author={李向朋},
	school={长沙理工大学},
	year={2014},
}
@article{Braess1968Ü,
	title={Über ein Paradoxon aus der Verkehrsplanung},
	author={Braess, Priv. Doz. D.},
	journal={Unternehmensforschung},
	volume={12},
	number={1},
	pages={258-268},
	year={1968},
}
@article{pas1997braess,
	title={Braess' paradox: Some new insights},
	author={Pas, Eric I and Principio, Shari L},
	journal={Transportation Research Part B: Methodological},
	volume={31},
	number={3},
	pages={265--276},
	year={1997},
	publisher={Elsevier}
}