@article{楼建华2003数学建模与数学实验,
  title={数学建模与数学实验},
  author={楼建华},
  journal={黑龙江高教研究},
  number={3},
  pages={126--127},
  year={2003}
}
@article{饶卫振2012基于求解,
  title={基于求解 TSP 问题的改进贪婪算法},
  author={饶卫振 and 金淳},
  journal={运筹与管理},
  volume={21},
  number={6},
  pages={1--9},
  year={2012}
}
@article{held1970traveling,
	title={The traveling-salesman problem and minimum spanning trees},
	author={Held, Michael and Karp, Richard M},
	journal={Operations Research},
	volume={18},
	number={6},
	pages={1138--1162},
	year={1970},
	publisher={INFORMS}
}
@book{赵静2008数学建模与数学实验,
	title={数学建模与数学实验},
	author={赵静 and 但琦 and others},
	year={2008},
	publisher={北京: 高等教育出版社}
}
@book{士勇2004蚁群算法及其应用,
	title={蚁群算法及其应用},
	author={士勇 and 永强 and 研},
	year={2004},
	publisher={哈尔滨工业大学出版社}
}
@article{马良2001蚂蚁算法在组合优化中的应用,
	title={蚂蚁算法在组合优化中的应用},
	author={马良 and 项培军},
	journal={管理科学学报},
	volume={4},
	number={2},
	pages={32--37},
	year={2001}
}
@book{gutin2006traveling,
	title={The traveling salesman problem and its variations},
	author={Gutin, Gregory and Punnen, Abraham P},
	volume={12},
	year={2006},
	publisher={Springer Science \& Business Media}
}
@article{谢胜利2002求解,
	title={求解 TSP 问题的一种改进的遗传算法},
	author={谢胜利 and 唐敏 and others},
	journal={计算机工程与应用},
	volume={38},
	number={8},
	pages={58--60},
	year={2002}
}